<?xml version="1.0" encoding="UTF-8"?><collection xmlns="http://www.loc.gov/MARC21/slim"><record><leader>00401nam--2200145-i-4500</leader><controlfield tag="001">000040307</controlfield><controlfield tag="002">20161230</controlfield><controlfield tag="005">20161230201042</controlfield><controlfield tag="008">060222s1000------------r-----000-0-eng-d</controlfield><datafield ind1=" " ind2=" " tag="080"><subfield code="a">511.2</subfield></datafield><datafield ind1=" " ind2=" " tag="100"><subfield code="a">Rusu, Eugen</subfield></datafield><datafield ind1=" " ind2=" " tag="245"><subfield code="a">Bazele teoriei numerelor</subfield></datafield><datafield ind1=" " ind2=" " tag="260"><subfield code="a">[Bucuresti], Ed.Tehnica, 1953, 181[-183]P.+ Erata</subfield></datafield><datafield ind1=" " ind2=" " tag="490"><subfield code="a">Bibl.Societatii De Stiinte Matematice Si Fizice Din R.P.R</subfield></datafield><datafield ind1=" " ind2=" " tag="852"><subfield code="a">3152</subfield></datafield></record></collection>